<?xml version="1.0" encoding="UTF-8"?><collection xmlns="http://www.loc.gov/MARC21/slim"><record><leader>00406nam--2200145-i-4500</leader><controlfield tag="001">000044594</controlfield><controlfield tag="002">20161230</controlfield><controlfield tag="005">20161230201044</controlfield><controlfield tag="008">060222s1000------------r-----000-0-eng-d</controlfield><datafield ind1=" " ind2=" " tag="080"><subfield code="a">574</subfield></datafield><datafield ind1=" " ind2=" " tag="100"><subfield code="a">Thom, Rene</subfield></datafield><datafield ind1=" " ind2=" " tag="245"><subfield code="a">Mathematical models of morphogenesis</subfield></datafield><datafield ind1=" " ind2=" " tag="260"><subfield code="a">Chichester, Ellis Horwood Limited, 1983, 305p</subfield></datafield><datafield ind1=" " ind2=" " tag="490"><subfield code="a">Ellis Horwood Series In Mathematics And Its Applications</subfield></datafield><datafield ind1=" " ind2=" " tag="852"><subfield code="a">73898</subfield></datafield></record></collection>